% Encoding: UTF-8

@InProceedings{Roberson03ule:a,
  author    = {Jeff Roberson},
  title     = {ULE: a modern scheduler for FreeBSD},
  booktitle = {In USENIX BSDCon},
  year      = {2003},
  pages     = {17--28},
}

@InProceedings{215951,
  author    = {Justinien Bouron and Sebastien Chevalley and Baptiste Lepers and Willy Zwaenepoel and Redha Gouicem and Julia Lawall and Gilles Muller and Julien Sopena},
  title     = {The Battle of the Schedulers: FreeBSD {ULE} vs. Linux {CFS}},
  booktitle = {2018 {USENIX} Annual Technical Conference ({USENIX} {ATC} 18)},
  year      = {2018},
  pages     = {85--96},
  address   = {Boston, MA},
  publisher = {{USENIX} Association},
  isbn      = {978-1-931971-44-7},
  url       = {https://www.usenix.org/conference/atc18/presentation/bouron},
}

@Book{Love:2005:LKD:1214858,
  title     = {Linux Kernel Development (2Nd Edition) (Novell Press)},
  publisher = {Novell Press},
  year      = {2005},
  author    = {Love, Robert},
  isbn      = {0672327201},
}

@Online{creating-processes,
  author = {Microsoft},
  title  = {Creating Processes},
  year   = {2018},
  url    = {https://docs.microsoft.com/en-us/windows/desktop/procthread/creating-processes},
}

@Comment{jabref-meta: databaseType:bibtex;}
% Encoding: UTF-8

@Book{BSDM,
  author    = {McKusick, Marshall Kirk and Neville-Neil, George V. and Watson, Robert N. M.},
  title     = {The Design and Implementation of the FreeBSD Operating System},
  year      = {2014},
  date      = {2014-09-05},
  publisher = {Addison Wesley},
  isbn      = {0321968972},
  pagetotal = {928},
  url       = {https://www.ebook.de/de/product/22141359/marshall_kirk_mckusick_george_v_neville_neil_robert_n_m_watson_the_design_and_implementation_of_the_freebsd_operating_system.html},
  ean       = {9780321968975},
}

@Book{Wandos,
  author    = {Russinovich, Mark E. and Solomon, David A. and Ionescu, Alex},
  title     = {Windows Internals, Part 2},
  year      = {2012},
  date      = {2012-09-15},
  publisher = {Microsoft Press,U.S.},
  isbn      = {0735665877},
  pagetotal = {672},
  url       = {https://www.ebook.de/de/product/19015953/mark_e_russinovich_david_a_solomon_alex_ionescu_windows_internals_part_2.html},
  ean       = {9780735665873},
}

@Book{Loonix,
  author    = {Daniel P. Bovet, Marco Cesati},
  title     = {Understanding the Linux Kernel},
  year      = {2005},
  date      = {2005-12-11},
  publisher = {O'Reilly UK Ltd.},
  isbn      = {0596005652},
  pagetotal = {942},
  url       = {https://www.ebook.de/de/product/4485504/daniel_p_bovet_marco_cesati_understanding_the_linux_kernel.html},
  ean       = {9780596005658},
}

@Comment{jabref-meta: databaseType:biblatex;}
